@InProceedings{conf/chi/SchwarzM11,
  title =	"Augmenting web pages and search results to support
		 credibility assessment",
  author =	"Julia Schwarz and Meredith Ringel Morris",
  bibdate =	"2011-05-12",
  bibsource =	"DBLP,
		 http://dblp.uni-trier.de/db/conf/chi/chi2011.html#SchwarzM11",
  booktitle =	"CHI",
  booktitle =	"Proceedings of the International Conference on Human
		 Factors in Computing Systems, {CHI} 2011, Vancouver,
		 {BC}, Canada, May 7-12, 2011",
  publisher =	"ACM",
  year = 	"2011",
  editor =	"Desney S. Tan and Saleema Amershi and Bo Begole and
		 Wendy A. Kellogg and Manas Tungare",
  ISBN = 	"978-1-4503-0228-9",
  pages =	"1245--1254",
  URL =  	"http://doi.acm.org/10.1145/1978942.1979127",
}

@InProceedings{conf/chi/YamamotoT11,
  title =	"Enhancing credibility judgment of web search results",
  author =	"Yusuke Yamamoto and Katsumi Tanaka",
  bibdate =	"2011-05-11",
  bibsource =	"DBLP,
		 http://dblp.uni-trier.de/db/conf/chi/chi2011.html#YamamotoT11",
  booktitle =	"CHI",
  booktitle =	"Proceedings of the International Conference on Human
		 Factors in Computing Systems, {CHI} 2011, Vancouver,
		 {BC}, Canada, May 7-12, 2011",
  publisher =	"ACM",
  year = 	"2011",
  editor =	"Desney S. Tan and Saleema Amershi and Bo Begole and
		 Wendy A. Kellogg and Manas Tungare",
  ISBN = 	"978-1-4503-0228-9",
  pages =	"1235--1244",
  URL =  	"http://doi.acm.org/10.1145/1978942.1979126",
}

@InProceedings{conf/cse/HsuKC09,
  title =	"Ranking Comments on the Social Web",
  author =	"Chiao-Fang Hsu and Elham Khabiri and James Caverlee",
  publisher =	"IEEE Computer Society",
  year = 	"2009",
  bibdate =	"2009-11-25",
  bibsource =	"DBLP,
		 http://dblp.uni-trier.de/db/conf/cse/cse2009-4.html#HsuKC09",
  booktitle =	"CSE",
  pages =	"90--97",
  URL =  	"http://dx.doi.org/10.1109/CSE.2009.109",
}

@article{Fogg:2002:PTU:764008.763957,
 author = {Fogg, B. J.},
 title = {Persuasive technology: using computers to change what we think and do},
 journal = {Ubiquity},
 issue_date = {December 1 - December 31, 2002},
 volume = {2002},
 issue = {December},
 month = {December},
 year = {2002},
 issn = {1530-2180},
 articleno = {5},
 url = {http://doi.acm.org/10.1145/763955.763957},
 doi = {http://doi.acm.org/10.1145/763955.763957},
 acmid = {763957},
 publisher = {ACM},
 address = {New York, NY, USA},
}
